<?xml version="1.0" encoding="UTF-8"?><collection xmlns="http://www.loc.gov/MARC21/slim"><record><leader>00588nam--2200193-u-4500</leader><controlfield tag="001">000050926</controlfield><controlfield tag="002">20161230</controlfield><controlfield tag="005">20161230201049</controlfield><controlfield tag="008">080422s1000------------r-----000-0-eng-d</controlfield><datafield ind1=" " ind2=" " tag="040"><subfield code="a">IFIN-HH</subfield></datafield><datafield ind1=" " ind2=" " tag="080"><subfield code="a">530.145:519.6:519.72</subfield></datafield><datafield ind1="1" ind2=" " tag="100"><subfield code="a">Nielsen, Michael A.; Chuang, Isaac L</subfield></datafield><datafield ind1="1" ind2="0" tag="245"><subfield code="a">Quantum Computation and Quantum Information</subfield><subfield code="c">Michael A. Nielsen; Isaac L. Chuang</subfield></datafield><datafield ind1=" " ind2=" " tag="260"><subfield code="a">Cambridge</subfield><subfield code="b">Univ.Press</subfield><subfield code="c">2000</subfield></datafield><datafield ind1=" " ind2=" " tag="300"><subfield code="a">676 p</subfield></datafield><datafield ind1=" " ind2=" " tag="504"><subfield code="a">Includes Bibliographical References and Index</subfield></datafield><datafield ind1="1" ind2=" " tag="700"><subfield code="a">Chuang, Isaac L</subfield></datafield><datafield ind1=" " ind2=" " tag="852"><subfield code="a">81968</subfield><subfield code="c">530.14</subfield></datafield><datafield ind1=" " ind2=" " tag="CAT"><subfield code="a">Sys</subfield><subfield code="c">20110329</subfield><subfield code="h">135149</subfield></datafield></record></collection>